@article{Petkovic2021_fuji,
	doi = {10.1016/j.asoc.2021.107849},
  
	url = {https://doi.org/10.1016\%2Fj.asoc.2021.107849},
  
	year = 2021,
	month = {dec},
  
	publisher = {Elsevier {BV}},
  
	volume = {113},
  
	pages = {107849},
  
	author = {Matej Petkovi{\'{c}} and Bla{\v{z}} {\v{S}}krlj and Dragi Kocev and Nikola Simidjievski},
  
	title = {Fuzzy Jaccard Index: A robust comparison of ordered lists},
  
	journal = {Applied Soft Computing}
}